<?xml version="1.0" encoding="UTF-8"?><collection xmlns="http://www.loc.gov/MARC21/slim"><record><leader>00507nam--2200169-i-4500</leader><controlfield tag="001">000027105</controlfield><controlfield tag="002">20161230</controlfield><controlfield tag="005">20161230201036</controlfield><controlfield tag="008">060222s1000------------r-----000-0-eng-d</controlfield><datafield ind1=" " ind2=" " tag="041"><subfield code="a">IFIN-HH</subfield></datafield><datafield ind1=" " ind2=" " tag="080"><subfield code="a">535-14(043)</subfield></datafield><datafield ind1="1" ind2=" " tag="100"><subfield code="a">Kimel, Salo</subfield></datafield><datafield ind1="1" ind2="0" tag="245"><subfield code="a">Optical dispersion of gases in the infrared region the dispersion through the first overtone band of hcl</subfield><subfield code="b">Dissertation</subfield><subfield code="c">Salo kimel</subfield></datafield><datafield ind1=" " ind2=" " tag="260"><subfield code="a">Amsterdam</subfield><subfield code="b">Universiteit</subfield><subfield code="c">1960</subfield></datafield><datafield ind1=" " ind2=" " tag="300"><subfield code="a">91P</subfield></datafield><datafield ind1=" " ind2=" " tag="852"><subfield code="a">77071</subfield><subfield code="c">535</subfield></datafield><datafield ind1=" " ind2=" " tag="CAT"><subfield code="a">Sys</subfield><subfield code="c">20110126</subfield><subfield code="h">140338</subfield></datafield></record></collection>